@article{chatzikokolakis2013broadening,
  title={{Broadening the Scope of Differential Privacy Using Metrics}},
  author={Chatzikokolakis, Konstantinos and Andr{\'e}s, Miguel E and Bordenabe, Nicol{\'a}s Emilio and Palamidessi, Catuscia},
  journal={PETS},
  year={2013},
}

@article{bai2018tcn,
    title={{An Empirical Evaluation of Generic Convolutional and Recurrent
    Networks for Sequence Modeling}},
    author={Bai, Shaojie and Kolter, J Zico and Koltun, Vladlen},
    journal={arXiv:1803.01271},
    year={2018}
}

@article{mironov2017renyi,
  title={{R{\'e}nyi differential privacy}},
  author={Mironov, Ilya},
  journal={IEEE CSF},
  year={2017},
}

@misc{mediawiki1271,
  title = {{MediaWiki}},
  howpublished = {\url{https://www.mediawiki.org/wiki/MediaWiki_1.27}},
  note = {Accessed 31 Aug 2020},
}

@misc{medicinenet,
  title = {{MedicineNet}},
  howpublished = {\url{https://www.medicinenet.com/script/main/hp.asp}},
  note = {Accessed on Sep 16, 2020},
}

@misc{dpdk,
    title={Data Plane Development Kit ({DPDK})},
    author={Linux Foundation},
    year={2015},
    url = {http://www.dpdk.org}
}

@misc{torpt,
    title={{Pluggable Transports}},
    author={},
    year={},
    howpublished={\url{https://obfuscation.github.io/}},
    note={Accessed on Jun 6, 2023},
}

@misc{wolfssl,
    title={{wolfSSL}},
    author={},
    year={},
    howpublished={\url{https://www.wolfssl.com/constant-time-testing/}},
    note={Accessed on Sep 20, 2023},
}

@misc{hacl,
    title = {{A Highw Assurance Cryptographic Library}},
    author={},
    year={},
    howpublished={\url{https://hacl-star.github.io/}},
    note={Accessed on Sep 20, 2023},
}

@misc{libsecp256k1,
    title = {{libsecp256k1}},
    author={},
    year={},
    howpublished={\url{https://github.com/bitcoin-core/secp256k1}},
    note={Accessed on Sep 20, 2023},
}

@misc{videostats,
    title = {{Length of online videos watched on social media platforms
    worldwide in August 2021, by age group}},
    author = {Statista},
    year = {2023},
    howpublished={\url{https://tinyurl.com/9u4ystpe}},
    note = {Accessed on Sep 20, 2023},
}

@misc{kingma2014adam,
  title = {{Adam: A Method for Stochastic Optimization}},
  author = {Kingma, Diederik P and Ba, Jimmy},
  howpublished = {\url{http://arxiv.org/abs/1412.6980}},
  year = {2014},
}

@article{chiang15swiper,
  title     = {{Swiper: Exploiting Virtual Machine Vulnerability in Third-Party
  Clouds with Competition for {I/O} Resources}},
  author    = {Ron Chi{-}Lung Chiang and Sundaresan Rajasekaran and Nan Zhang
  and H. Howie Huang},
  journal   = {{IEEE} Trans. on Parallel and Distributed Systems (TPDS)},
  volume    = {26},
  number    = {6},
  year      = {2015}
  }

@article{hintz2002,
 author = {Andrew Hintz},
 title = {{Fingerprinting websites using traffic analysis}},
 year = {2002},
 journal = {PETS}
}

@article{panchenko2011,
  author    = {Andriy Panchenko and Lukas Niessen and Andreas Zinnen and Thomas Engel},
  title     = {{Website fingerprinting in onion routing based anonymization
    networks}},
  journal = {WPES},
  year      = {2011}
}

@article{getoffmycloud,
  author = {Ristenpart, Thomas and Tromer, Eran and Shacham, Hovav and Savage, Stefan},
  title = {{Hey, You, Get off of My Cloud: Exploring Information Leakage in Third-party Compute Clouds}},
  journal = {ACM CCS},
  year = {2009},
}

@article{herzberg2013cloudoscopy,
	author = {Herzberg, Amir and Shulman, Haya and Ullrich, Johanna and Weippl, Edgar},
	title = {{Cloudoscopy: Services Discovery and Topology Mapping}},
	journal = {ACM Workshop on Cloud Computing Security Workshop (CSCW)},
	year = {2013},
}

@article{bates2012coresidency,
	author = {Bates, Adam and Mood, Benjamin and Pletcher, Joe and Pruse, Hannah and Valafar, Masoud and Butler, Kevin},
	title = {{Detecting Co-residency with Active Traffic Analysis Techniques}},
	journal = {ACM Workshop on Cloud Computing Security Workshop (CSCW)},
	year = {2012},
}

@article{inci2015seriously,
    title={{Seriously, get off my cloud! Cross-VM RSA Key Recovery in a Public
    Cloud.}},
    author={Inci, Mehmet Sinan and G{\"u}lmezoglu, Berk and Apecechea, Gorka
    Irazoqui and Eisenbarth, Thomas and Sunar, Berk},
    journal={{IACR} Cryptology ePrint Archive},
    volume={2015},
    number={1-15},
    year={2015}
}

@article{inci2016efficient,
    title={{Efficient, adversarial neighbor discovery using logical channels on
    Microsoft Azure.}},
    author={{\.I}nci, Mehmet Sinan and Irazoqui, Gorka and Eisenbarth, Thomas
    and Sunar, Berk},
    journal={Annual Conf. on Computer Security Applications (ACSAC)},
    year={2016}
}

@article{osvik2006,
	author = {Osvik, Dag Arne and Shamir, Adi and Tromer, Eran},
	title = {{Cache Attacks and Countermeasures: The Case of AES}},
	journal = {The Cryptographers' Track at the RSA Conf. on Topics in
	Cryptology (CT-RSA)},
	year = {2006},
}

@misc{page02cache,
	author = {Dan Page},
	title = {{Theoretical use of cache memory as a cryptanalytic side-channel}},
	journal = {Technical report CSTR-02-003, Department of Computer Science,
	University of Bristol},
	year = {2002},
	howpublished = {\url{http://www.cs.bris.ac.uk/Publications/pub_info.jsp?id=1000625}}
}

@misc{page03cache,
	author = {Dan Page},
	title = {{Defending against cache-based side-channel attacks}},
	journal = {Information Security Technial Report},
	volume = {8},
	issue = {8},
	year = {2003},
}

@misc{page05partitionedcache,
	author = {Dan Page},
	title = {{Partitioned cache architecture as a side-channel defence mechanism}},
	journal = {{IACR} Cryptology ePrint Archive},
	volume = {2005},
	issue = {280},
	year = {2005},
}

@article{percival2005cache,
	author = {Colin Percival},
	title={{Cache missing for fun and profit}},
	journal = {BSDCan},
	year = {2005},
}

@article{liu2016catalyst,
    title={{CATalyst: Defeating last-level cache side channel attacks in cloud
    computing}},
    author={Liu, Fangfei and Ge, Qian and Yarom, Yuval and Mckeen, Frank and
    Rozas, Carlos and Heiser, Gernot and Lee, Ruby B},
    journal={IEEE HPCA},
    year={2016},
}

@article{andrysco2015subnormal,
	author = {Andrysco, Marc and Kohlbrenner, David and Mowery, Keaton and Jhala, Ranjit and Lerner, Sorin and Shacham, Hovav},
	title = {{On Subnormal Floating Point and Abnormal Timing}},
	journal = {IEEE S\&P},
	year = {2015},
}

@article {kohlbrenner2017fptiming,
	author = {David Kohlbrenner and Hovav Shacham},
	title = {{On the effectiveness of mitigations against floating-point timing
    channels}},
	journal = {USENIX Security},
	year = {2017},
}

@article{shi2011limiting,
	title={{Limiting Cache-based Side-Channel in Multi-Tenant Cloud using
	Dynamic Page Coloring}},
	author={Shi, Jicheng and Song, Xiang and Chen, Haibo and Zang, Binyu},
	journal={IEEE/IFIP Intl. Conf. on Dependable Systems and Networks Workshops
	(DSN-W)},
	year={2011},
}

@article{jin2009simple,
	title={{A Simple Cache Partitioning Approach in a Virtualized Environment}},
	author={Jin, Xinxin and Chen, Haogang and Wang, Xiaolin and Wang, Zhenlin and Wen, Xiang and Luo, Yingwei and Li, Xiaoming},
	journal={Intl. Symposium on Parallel and Distributed Processing with
	Applications},
	year={2009},
}

@article{suzaki2011memdedup,
	author = {{Suzaki, Kuniyasu and Iijima, Kengo and Yagi, Toshiki and Artho, Cyrille}},
	title = {{Memory Deduplication As a Threat to the Guest OS}},
	journal = {European Workshop on System Security (EUROSEC)},
	year = {2011},
}

@article{kim2012stealthmem,
	title={{STEALTHMEM: System-Level Protection Against Cache-Based Side Channel Attacks in the Cloud}},
	author={Kim, Taesoo and Peinado, Marcus and Mainar-Ruiz, Gloria},
	journal={{USENIX Security}},
	year={2012}
}

@article{braun2015robust,
	title={{Robust and Efficient Elimination of Cache and Timing Side Channels}},
	author={Braun, Benjamin A and Jana, Suman and Boneh, Dan},
	journal={arXiv:1506.00189},
	year={2015}
}

@article{gruss2015cachetemplate,
  title={{Cache template attacks: Automating attacks on inclusive last-level
    caches}},
  author={Gruss, Daniel and Spreitzer, Raphael and Mangard, Stefan},
	journal={USENIX Security},
  year={2015}
}

@article{varadarajan2014scheduler,
    title={{Scheduler-based Defenses against~Cross-VM Side-channels.}},
    author={Varadarajan, Venkatanathan and Ristenpart, Thomas and Swift, Michael M},
    journal={USENIX Security,~\textnormal{2014}},
}

@article{zhang2012crossvm,
	title = {{Cross-VM Side Channels and Their Use to Extract Private Keys}},
	author = {Zhang, Yinqian and Juels, Ari and Reiter, Michael K and Ristenpart, Thomas},
	journal = {ACM CCS},
	year = {2012},
}

@article{bortz2007exposing,
	title={{Exposing Private Information by Timing Web Applications}},
	author={Bortz, Andrew and Boneh, Dan},
	journal={Intl. Conf. on World Wide Web},
	year={2007},
}

@article{mayer2014timetrial,
	author = {Daniel A. Mayer and Joel Sandin},
	title = {{Time Trial: Racing Towards Practical Timing Attacks}},
	journal = {Black Hat USA},
	howpublished = {\url{https://www.nccgroup.trust/globalassets/our-research/us/whitepapers/TimeTrial.pdf}},
	year = {2014}
}

@article{morgan2015webtiming,
	author = {Timothy D. Morgan and Jason W. Morgan},
	title = {{Web Timing Attacks Made Practical}},
	journal = {Black Hat USA},
	howpublished = {\url{https://www.blackhat.com/docs/us-15/materials/us-15-Morgan-Web-Timing-Attacks-Made-Practical.pdf}},
	year = {2015}
}

@article{liu2015llcpractical,
	title = {{Last-Level Cache Side-Channel Attacks are Practical}},
	author = {Liu, Fangfei and Yarom, Yuval and Ge, Qian and Heiser, Gernot and Lee, Ruby B},
	journal = {IEEE S\&P},
	year = {2015},
}

@article{irazoqui2015ssa,
	title = {{S\$A: A Shared Cache Attack That Works across Cores and Defies VM Sandboxing--and Its Application to AES}},
	author = {Irazoqui, Gorka and Eisenbarth, Thomas and Sunar, Berk},
	journal = {IEEE S\&P},
	year = {2015},
}

@article{schuster2017beautyburst,
	title = {{Beauty and the Burst: Remote Identification of Encrypted Video Streams}},
	author = {Roei Schuster and Vitaly Shmatikov and Eran Tromer},
	journal = {USENIX Security},
	year = {2017}
}

@misc{danezis2009https,
	title={{Traffic Analysis of the HTTP Protocol over TLS}},
	author={Danezis, George},
    howpublished=
    {\url{http://www0.cs.ucl.ac.uk/staff/G.Danezis/papers/TLSanon.pdf}},
	year={2009}
}

@article{yarom2014flushreload,
	title = {{FLUSH+RELOAD: A High Resolution, Low Noise, L3 Cache Side-Channel Attack}},
	author = {Yarom, Yuval and Falkner, Katrina},
	journal = {USENIX Security},
	year = {2014},
}

@article{luo2011httpos,
	title = {{HTTPOS: Sealing Information Leaks with Browser-side Obfuscation of Encrypted Flows}},
	author = {Luo, Xiapu and Zhou, Peng and Chan, Edmond WW and Lee, Wenke and Chang, Rocky KC and Perdisci, Roberto},
	journal = {NDSS},
	year = {2011}
}

@article{askarov2010predictive,
	title = {{Predictive black-box mitigation of timing channels}},
	author = {Askarov, Aslan and Zhang, Danfeng and Myers, Andrew C},
	journal = {ACM CCS},
	year = {2010},
}

@article{zhang2011predinteractive,
	title = {{Predictive Mitigation of Timing Channels in Interactive Systems}},
	author = {Zhang, Danfeng and Askarov, Aslan and Myers, Andrew C},
	journal = {ACM CCS},
	year = {2011},
}

@article{cai2012touching,
	title = {{Touching from a distance: Website fingerprinting attacks and
    defenses}},
	author = {Cai, Xiang and Zhang, Xin Cheng and Joshi, Brijesh and Johnson, Rob},
	journal = {ACM CCS},
	year = {2012},
}

@article{cai2014csbuflo,
    title={{CS-BuFLO: A Congestion Sensitive Website Fingerprinting
    Defense}},
    author={Cai, Xiang and Nithyanand, Rishab and Johnson, Rob},
    journal={WPES},
    year={2014},
}

@article{cai2014tamaraw,
    title={{A systematic approach to developing and evaluating website
    fingerprinting defenses}},
    author={Cai, Xiang and Nithyanand, Rishab and Wang, Tao and Johnson, Rob
    and Goldberg, Ian},
    journal={ACM CCS},
    year={2014},
}

@article{lu2018dynaflow,
    title={{DynaFlow: An Efficient Website Fingerprinting Defense Based on
    Dynamically-Adjusting Flows}},
    author={Lu, David and Bhat, Sanjit and Kwon, Albert and Devadas, Srinivas},
    journal={WPES},
    year={2018},
}

@article{sirinam2018df,
    title={Deep Fingerprinting: Undermining Website Fingerprinting Defenses with
    Deep Learning},
    author={Sirinam, Payap and Imani, Mohsen and Juarez, Marc and Wright,
    Matthew},
    journal={ACM CCS},
    year={2018}
}

@article{bhat2019varcnn,
    title={{Var-CNN: A Data-Efficient Website Fingerprinting Attack Based on Deep
    Learning}},
    author={Bhat, Sanjit and Lu, David and Kwon, Albert and Devadas, Srinivas},
    journal={PETS},
    year={2019}
}


@article{herrmann2009camouflage,
	title={{Website fingerprinting: attacking popular privacy enhancing
    technologies with the multinomial na{\"\i}ve-bayes classifier}},
	author = {Herrmann, Dominik and Wendolsky, Rolf and Federrath, Hannes},
	journal = {{ACM workshop on Cloud Computing Security}},
	year = {2009},
}

@article{de2020trafficsliver,
  title={{TrafficSliver: Fighting Website Fingerprinting Attacks with Traffic Splitting}},
  author={De la Cadena, Wladimir and Mitseva, Asya and Hiller, Jens and Pennekamp, Jan and Reuter, Sebastian and Filter, Julian and Engel, Thomas and Wehrle, Klaus and Panchenko, Andriy},
  journal={ACM CCS},
  year={2020}
}

@article{dyer2012peekaboo,
	title = {{Peek-a-boo, I still see you: Why efficient traffic analysis countermeasures fail}},
	author = {Dyer, Kevin P and Coull, Scott E and Ristenpart, Thomas and Shrimpton, Thomas},
	journal = {{IEEE S\&P}},
	year = {2012},
}

@misc{intel82580,
	title = {{Intel\textregistered~82580EB/82580DB Gigabit Ethernet Controller}},
	howpublished = {\url{https://www.intel.com/content/dam/www/public/us/en/documents/datasheets/82580-eb-db-gbe-controller-datasheet.pdf}}
}

@article{cleemput2012,
	author = {Cleemput, Jeroen V. and Coppens, Bart and De Sutter, Bjorn},
	title={{Compiler Mitigations for Time Attacks on Modern x86 Processors}},
	journal = {ACM Trans. on Architecture and Code Optimizations (TACO)},
	year = {2012},
	volume = {8},
	number = {4},
}

@article{cleemput2017adaptive,
	author={Jeroen V. Cleemput and Bjorn De Sutter and Koen De Bosschere},
	journal={IEEE Trans. on Dependable and Secure Computing (TDSC)},
	title={{Adaptive Compiler Strategies for Mitigating Timing Side Channel
    Attacks}},
	volume={PP},
	number={99},
	year = {2017},
}

@article{watt2019ctwasm,
    title={{CT-Wasm: Type-driven Secure Cryptography for the Web Ecosystem}},
    author={Watt, Conrad and Renner, John and Popescu, Natalie and Cauligi,
    Sunjay and Stefan, Deian},
    journal={ACM SIGPLAN Symposium on Principles of Programming Languages
    (POPL)},
    year={2019},
}

@article{almeida2016verifying,
    title={{Verifying Constant-Time Implementations}},
    author={Almeida, Jos{\'e} Bacelar and Barbosa, Manuel and Barthe, Gilles and
    Dupressoir, Fran{\c{c}}ois and Emmi, Michael},
    journal={USENIX Security},
    year={2016}
}

@article{coppens2009practical,
	author = {Coppens, Bart and Verbauwhede, Ingrid and Bosschere, Koen De and Sutter, Bjorn De},
	title={{Practical Mitigations for Timing-Based Side-Channel Attacks on Modern
    x86 Processors}},
	journal = {IEEE S\&P},
	year = {2009},
}

@article{chen2010reality,
	author = {Chen, Shuo and Wang, Rui and Wang, XiaoFeng and Zhang, Kehuan},
	title={{Side-Channel Leaks in Web Applications: A Reality Today, a Challenge
    Tomorrow}},
	journal = {IEEE S\&P},
	year = {2010},
}

@article{agarwal2016moving,
    title={{Moving in next door: Network flooding as a side channel in cloud
      environments}},
    author={Agarwal, Yatharth and Murale, Vishnu and Hennessey, Jason and Hogan, Kyle and Varia, Mayank},
    journal={Intl. Conf. on Cryptology and Network Security (CANS)},
    year={2016},
}

@article{wright2006inferring,
  title={{On Inferring Application Protocol Behaviors in Encrypted Network
    Traffic}},
  author = {Wright, Charles V and Monrose, Fabian and Masson, Gerald M},
  journal = {Journal of Machine Learning Research (JMLR)},
  volume = {7},
  month = {Dec},
  year = {2006},
}

@article{wright2008spot,
    title={{Spot me if you can: Uncovering spoken phrases in encrypted {VoIP} conversations}},
    author={Wright, Charles V and Ballard, Lucas and Coull, Scott E and Monrose, Fabian and Masson, Gerald M},
    journal={IEEE S\&P},
    year={2008},
}

@article{wright2009morphing,
  author    = {Charles V. Wright and Scott E. Coull and Fabian Monrose},
  title     = {Traffic Morphing: An Efficient Defense Against Statistical Traffic Analysis},
  journal = {NDSS},
  year      = {2009}
  }

@article{saponas2007devices,
    title={{Devices That Tell on You: Privacy Trends in Consumer Ubiquitous
      Computing.}},
    author={Saponas, T Scott and Lester, Jonathan and Hartung, Carl and Agarwal, Sameer and Kohno, Tadayoshi and others},
    journal={USENIX Security},
    year={2007}
}

@article{gong2012website,
    title={{Website Detection Using Remote Traffic Analysis}},
    author={Gong, Xun and Borisov, Nikita and Kiyavash, Negar and Schear, Nabil},
    journal={PETS},
    year={2012},
}

@article{nithyanand2014glove,
    title={{Glove: A Bespoke Website Fingerprinting Defense}},
    author={Nithyanand, Rishab and Cai, Xiang and Johnson, Rob},
    journal={WPES},
    year={2014},
}

@article{wang2014supersequence,
    title={{Effective Attacks and Provable Defenses for Website Fingerprinting}},
    author={Wang, Tao and Cai, Xiang and Nithyanand, Rishab and Johnson, Rob
    and Goldberg, Ian},
    journal={USENIX Security},
    year={2014}
}

@article{juarez2016wtfpad,
  title={{Toward an Efficient Website Fingerprinting Defense}},
  author={Juarez, Marc and Imani, Mohsen and Perry, Mike and Diaz, Claudia and Wright, Matthew},
  journal={ESORICS},
  year={2016},
}

@article{wang2017walkietalkie,
    title={{Walkie-Talkie: An Efficient Defense Against Passive Website
      Fingerprinting Attacks}},
    author={Wang, Tao and Goldberg, Ian},
    journal={USENIX Security},
    year={2017},
}

@article{cherubin2017llama,
    title={{Website Fingerprinting Defenses at the Application Layer}},
    author={Cherubin, Giovanni and Hayes, Jamie and Juarez, Marc},
    journal={PETS},
    year={2017}
}

@article{zhang2019statistical,
    title={{Statistical Privacy for Streaming Traffic}},
    author={Zhang, Xiaokuan and Hamm, Jihun and Reiter, Michael K and Zhang,
    Yinqian},
    journal={NDSS},
    year={2019}
}

@article{gong2020zero,
    title={{Zero-delay Lightweight Defenses against Website Fingerprinting}},
    author={Gong, Jiajun and Wang, Tao},
    journal={USENIX Security},
    year={2020}
}

@article{rahman2020mockingbird,
    title={{Mockingbird: Defending Against Deep-Learning-Based Website
    Fingerprinting Attacks with Adversarial Traces}},
    author={Rahman, Mohammad Saidur and Imani, Mohsen and Mathews, Nate and
    Wright, Matthew},
    journal={IEEE Trans. on Information Forensics and Security},
    volume={16},
    year={2020},
}

@article{cadena2020trafficsliver,
    author = {De la Cadena, Wladimir and Mitseva, Asya and Hiller, Jens and
    Pennekamp, Jan and Reuter, Sebastian and Filter, Julian and Engel, Thomas
    and Wehrle, Klaus and Panchenko, Andriy},
    title = {{TrafficSliver: Fighting Website Fingerprinting Attacks with
    Traffic Splitting}},
    journal={ACM CCS},
    year = {2020},
}

@article{shan2021dolos,
    title={{Patch-based Defenses against Web Fingerprinting Attacks}},
    author={Shan, Shawn and Bhagoji, Arjun Nitin and Zheng, Haitao and Zhao, Ben
    Y},
    journal={AISec},
    year={2021}
}

@article{smith2022qcsd,
    title={{QCSD: A QUIC Client-Side Website-Fingerprinting Defence Framework}},
    author={Smith, Jean-Pierre and Dolfi, Luca and Mittal, Prateek and Perrig,
    Adrian},
    journal={USENIX Security},
    year={2022}
}

@article{wang2022leveraging,
    title={{Leveraging Strategic Connection Migration-powered Traffic Splitting
    for Privacy}},
    author={Wang, Mona and Kulshrestha, Anunay and Wang, Liang and Mittal,
    Prateek},
    journal={Privacy Enhancing Technologies (PETS)},
    year={2022}
}

@article{beckerle2022splitting,
    author = {Beckerle, Matthias and Magnusson, Jonathan and Pulls, Tobias},
    title = {{Splitting Hairs and Network Traces: Improved Attacks Against
    Traffic Splitting as a Website Fingerprinting Defense}},
    year = {2022},
    journal = {WPES},
}

@article{khattak2014sok-pts,
    title={{Systemization of Pluggable Transports for Censorship Resistance}},
    author={Khattak, Sheharbano and Simon, Laurent and Murdoch, Steven J},
    journal={arXiv:1412.7448},
    year={2014}
}

@article{vattikonda2011eliminating,
    title={{Eliminating fine grained timers in Xen}},
    author={Vattikonda, Bhanu C and Das, Sambit and Shacham, Hovav},
    journal={ACM workshop on Cloud Computing Security Workshop},
    year={2011},
}

@article{vattikonda2012tdma,
  title = {{Practical TDMA for Datacenter Ethernet}},
  author = {Vattikonda, Bhanu Chandra and Porter, George and Vahdat, Amin and Snoeren, Alex C},
  journal = {ACM EuroSys},
  year = {2012},
}

@article{beams2021ifs,
  title={{Packet scheduling with optional client privacy}},
  author={Beams, Andrew and Kannan, Sampath and Angel, Sebastian},
  journal={ACM CCS},
  year={2021}
}

@article{martin2012timewarp,
    author = {Martin, Robert and Demme, John and Sethumadhavan, Simha},
    title={{TimeWarp: Rethinking Timekeeping and Performance Monitoring
      Mechanisms to Mitigate Side-channel Attacks}},
    journal = {Intl. Symposium on Computer Architecture (ISCA)},
    year = {2012},
}

@article{yu2012predicted,
    title={{Predicted packet padding for anonymous web browsing against traffic
      analysis attacks}},
    author={Yu, Shui and Zhao, Guofeng and Dou, Wanchun and James, Simon},
    journal={IEEE Trans. on Information Forensics and Security},
    volume={7},
    number={4},
    year={2012},
}

@article{gong2016schedulers,
    author = {Gong, Xun and Kiyavash, Negar},
    title={{Quantifying the Information Leakage in Timing Side Channels in
      Deterministic Work-conserving Schedulers}},
    journal = {IEEE/ACM Trans. on Networking (TON)},
    volume = {24},
    number = {3},
    year = {2016},
}

@article{richter2015hardware,
    title={{A Hardware/Software Approach for Mitigating Performance Interference Effects in Virtualized Environments Using SR-IOV}},
    author={Richter, Andre and Herber, Christian and Wallentowitz, Stefan and Wild, Thomas and Herkersdorf, Andreas},
    journal={IEEE Intl. Conf. on Cloud Computing (CLOUD)},
    year={2015},
}

@misc{time2018linux,
    title = {{Time-based packet transmission}},
    howpublished = {\url{https://lwn.net/Articles/748879/}}
}

@misc{napatechSmartNIC,
    title = {{NapaTech SmartNIC, Feature Overview Data Sheet}},
    howpublished =
    {\url{https://www.napatech.com/support/resources/data-sheets/napatech-smartnic-feature-overview/}}
}

@article{pu2013your,
    title={{Who Is Your Neighbor: Net I/O Performance Interference in Virtualized Clouds}},
    author={Pu, Xing and Liu, Ling and Mei, Yiduo and Sivathanu, Sankaran and Koh, Younggyun and Pu, Calton and Cao, Yuanda},
    journal={IEEE Trans. on Services Computing},
    volume={6},
    number={3},
    year={2013},
}

@article{vila2017loophole,
    title={{Loophole: Timing Attacks on Shared Event Loops in Chrome}},
    author={Vila, Pepe and K{\"o}pf, Boris},
    journal={USENIX Security},
    year={2017}
}

@article{ongaro2008scheduling,
    title={{Scheduling I/O in virtual machine monitors}},
    author={Ongaro, Diego and Cox, Alan L and Rixner, Scott},
    journal={ACM SIGPLAN/SIGOPS Intl. Conf. on Virtual Execution Environments
    (VEE)},
    year={2008},
}

@article{wang2008dependent,
    title={{Dependent link padding algorithms for low latency anonymity systems}},
    author={Wang, Wei and Motani, Mehul and Srinivasan, Vikram},
    journal={ACM CCS},
    year={2008},
}

@article{liu2014pptp,
    title={{PPTP: Privacy-preserving traffic padding in web-based applications}},
    author={Liu, Wen Ming and Wang, Lingyu and Cheng, Pengsu and Ren, Kui and Zhu, Shunzhi and Debbabi, Mourad},
    journal={IEEE Trans. on Dependable and Secure Computing (TDSC)},
    volume={11},
    number={6},
    year={2014},
}

@article{backes2013preventing,
    title={{Preventing Side-Channel Leaks in Web Traffic: A Formal Approach}},
    author={Backes, Michael and Doychev, Goran and K{\"o}pf, Boris},
    journal={NDSS},
    year={2013}
}

@article{khouzani2017leakage,
    title={{Leakage-Minimal Design: Universality, Limitations, and Applications}},
    author={Khouzani, MHR and Malacaria, Pasquale},
    journal={IEEE CSF},
    year={2017},
}

@article{jang2015silo,
    title={{Silo: Predictable message latency in the cloud}},
    author={Jang, Keon and Sherry, Justine and Ballani, Hitesh and Moncaster, Toby},
    journal={ACM Conf. on Special Interest Group on Data Communication
    (SIGCOMM)},
    year={2015},
}

@article{kadloor2010low,
    title={{Low-cost side channel remote traffic analysis attack in packet
    networks}},
    author={Kadloor, Sachin and Gong, Xun and Kiyavash, Negar and Tezcan, Tolga
    and Borisov, Nikita},
    journal={IEEE Intl. Conf. on Communications (ICC)},
    year={2010},
}

@article{kadloor2016mitigating,
    title={{Mitigating timing side channel in shared schedulers}},
    author={Kadloor, Sachin and Kiyavash, Negar and Venkitasubramaniam, Parv},
    journal={IEEE/ACM Trans. on Networking (TON)},
    volume={24},
    number={3},
    year={2016},
}

@misc{xennullsched,
    title={{Xen Null scheduler}},
    howpublished={\url{https://patchwork.kernel.org/patch/9669405/}},
}

@misc{azure-confidential,
  title={{Azure confidential computing}},
  howpublished = {\url{https://azure.microsoft.com/en-us/solutions/confidential-compute/}}
  }

@misc{wrk2,
    title={{wrk2: A constant throughput, correct latency recording variant of wrk}},
    howpublished={\url{https://github.com/giltene/wrk2}},
}

@article{liu2017demand,
    title={{On-demand time blurring to support side-channel defense}},
    author={Liu, Weijie and Gao, Debin and Reiter, Michael K},
    journal={ESORICS},
    year={2017},
}

@article{tan2017sfi,
    title={{Principles and Implementation Techniques of Software-Based Fault
    Isolation}},
    author={Tan, Gang},
    journal={Foundations and Trends{\textregistered} in Privacy and Security},
    volume={1},
    number={3},
    year={2017},
}

@article{kocher2018spectre,
    title = {{Spectre Attacks: Exploiting Speculative Execution}},
    author = {Paul Kocher and Jann Horn and Anders Fogh and and Daniel Genkin
    and Daniel Gruss and Werner Haas and Mike Hamburg and Moritz Lipp and Stefan
    Mangard and Thomas Prescher and Michael Schwarz and Yuval Yarom},
    journal = {IEEE S\&P},
    year = {2019},
}

@article{netspectre,
  author    = {Michael Schwarz and Martin Schwarzl and Moritz Lipp and Daniel Gruss},
  title     = {{NetSpectre: Read Arbitrary Memory over Network}},
  journal   = {CoRR},
  volume    = {abs/1807.10535},
  year      = {2018},
  url       = {http://arxiv.org/abs/1807.10535}
  }

@misc{tcp-meltdown,
    title={{What is TCP Meltdown?}},
    howpublished={\url{https://openvpn.net/faq/what-is-tcp-meltdown/}},
    note={Accessed on Apr 30, 2023}
}

@article{honda2005tcpovertcp,
    title={{Understanding TCP over TCP: effects of TCP tunneling on end-to-end
    throughput and latency}},
    author={Honda, Osamu and Ohsaki, Hiroyuki and Imase, Makoto and Ishizuka,
    Mika and Murayama, Junichi},
    journal={Performance, Quality of Service, and Control of Next-Generation
    Communication and Sensor Networks III},
    year={2005},
}

@misc{ecn,
    title={{RFC 3168: The Addition of Explicit Congestion Notification (ECN) to
    IP}},
    author={Ramakrishnan, K and Floyd, Sally and Black, D},
    howpublished={\url{https://datatracker.ietf.org/doc/html/rfc3168}},
    note={Accessed on Apr 30, 2023}
}

@misc{mpeg-dash,
    title={{RFC 7933: Adaptive Video Streaming over Information-Centric
    Networking (ICN)}},
    author={Westphal, Cedric and Lederer, Stefan and Mueller, Christopher and
    Detti, Andrea and Corujo, Daniel and Wang, Jianping and Montpetit,
    Marie-Jose and Murray, Niall and Timmerer, Christian and Posch, Daniel and
    Azgin, Aytac and Liu, Will},
    howpublished={\url{https://datatracker.ietf.org/doc/html/rfc3168}},
    note={Accessed on Apr 30, 2023}
}

@article{rastogi2010differentially,
  title={Differentially private aggregation of distributed time-series with transformation and encryption},
  author={Rastogi, Vibhor and Nath, Suman},
  journal={ACM Intl. Conf. on Management of Data},
  year={2010}
}

@misc{rfc9000,
    series =    {Request for Comments},
    number =    9000,
    howpublished =  {RFC 9000},
    publisher = {RFC Editor},
    doi =       {10.17487/RFC9000},
    url =       {https://www.rfc-editor.org/info/rfc9000},
        author =    {Jana Iyengar and Martin Thomson},
    title =     {{QUIC: A UDP-Based Multiplexed and Secure Transport}},
    pagetotal = 151,
    year =      2021,
    month =     may,
}

@article{sodagar2011mpeg,
    title={{The mpeg-dash standard for multimedia streaming over the internet}},
    author={Sodagar, Iraj},
    journal={IEEE multimedia},
    volume={18},
    number={4},
    pages={62--67},
    year={2011},
    publisher={IEEE}
}

@misc{leech1996socks,
    title={{RFC 1928: SOCKS protocol version 5}},
    author={Leech, Marcus and Ganis, Matt and Lee, Y and Kuris, Ron and Koblas,
    David and Jones, L},
    year={1996},
    howpublished={\url{https://datatracker.ietf.org/doc/html/rfc1928}},
    note={Accessed on Apr 30, 2023}
}

@article{langley2017quic,
    title={{The QUIC Transport Protocol: Design and Internet-Scale Deployment}},
    author={Langley, Adam and Riddoch, Alistair and Wilk, Alyssa and Vicente, Antonio and Krasic, Charles and Zhang, Dan and Yang, Fan and Kouranov, Fedor and Swett, Ian and Iyengar, Janardhan and others},
    journal={ACM Conf. on Special Interest Group on Data Communication
    (SIGCOMM)},
    year={2017},
}

@article{siby2022yougetpadding,
    title={{You get PADDING, everybody gets PADDING! You get privacy? Evaluating
    practical QUIC website fingerprinting protections for the masses}},
    author={Siby, Sandra and Barman, Ludovic and Wood, Christopher and Fayed,
    Marwan and Sullivan, Nick and Troncoso, Carmela},
    journal   = {CoRR},
    volume    = {abs/2203.07806},
    year      = {2022},
    url       = {http://arxiv.org/abs/2203.07806},
    archivePrefix = {arXiv},
    eprint    = {2203.07806},
}

@article{hayes2016kfp,
    title={{k-fingerprinting: A Robust Scalable Website Fingerprinting
    Technique}},
    author={Hayes, Jamie and Danezis, George},
    journal={USENIX Security},
    year={2016}
}

@article{li2018measuring,
    title={{Measuring information leakage in website fingerprinting attacks and
    defenses}},
    author={Li, Shuai and Guo, Huajun and Hopper, Nicholas},
    journal={ACM CCS},
    year={2018},
}

@article{mohajeri2012skypemorph,
    title={{Skypemorph: Protocol Obfuscation for Tor Bridges}},
    author={Mohajeri Moghaddam, Hooman and Li, Baiyu and Derakhshani,
    Mohammad and Goldberg, Ian},
    journal={ACM CCS},
    year={2012},
}

@article{dyer2013protocol,
    title={{Protocol misidentification made easy with format-transforming
      encryption}},
    author={Dyer, Kevin P and Coull, Scott E and Ristenpart, Thomas and
    Shrimpton, Thomas},
    journal={ACM CCS},
    year={2013},
}

@article{winter2013scramblesuit,
    author = {Winter, Philipp and Pulls, Tobias and Fuss, Juergen},
    title={{ScrambleSuit: A Polymorphic Network Protocol to Circumvent
      Censorship}},
    journal = {WPES},
    year = {2013},
}

@article{le2015herd,
    title={{Herd: A scalable, traffic analysis resistant anonymity network for
    {VoIP} systems}},
    author={Le Blond, Stevens and Choffnes, David and Caldwell, William and
    Druschel, Peter and Merritt, Nicholas},
    journal={ACM Conf. on Special Interest Group on Data Communication
    (SIGCOMM)},
    year={2015},
}

@article{Tor,
  title={{Tor: The Second-Generation Onion Router}},
  author={Syverson, Paul and Dingledine, Roger and Mathewson, Nick},
  journal={Usenix Security},
  year={2004}
}

@article{van2015vuvuzela,
    title={{Vuvuzela: Scalable private messaging resistant to traffic analysis}},
    author={Van Den Hooff, Jelle and Lazar, David and Zaharia, Matei and
    Zeldovich, Nickolai},
    journal={ACM SOSP},
    year={2015},
}

@article{lazar2018karaoke,
    title={{Karaoke: Distributed Private Messaging Immune to Passive Traffic
    Analysis}},
    author={Lazar, David and Gilad, Yossi and Zeldovich, Nickolai},
    journal={USENIX OSDI},
    year={2018}
}

@article{lazar2019yodel,
    title={{Yodel: strong metadata security for voice calls}},
    author={Lazar, David and Gilad, Yossi and Zeldovich, Nickolai},
    journal={ACM SOSP},
    year={2019},
}

@article{mehta2022pacer,
  title={{Pacer: Comprehensive Network Side-Channel Mitigation in the
  Cloud}},
  author={Mehta, Aastha and Alzayat, Mohamed and De Viti, Roberta and
  Brandenburg, Bj{\"o}rn B and Druschel, Peter and Garg, Deepak},
  journal={USENIX Security},
  year={2022}
}

@article{lecuyer2019certified,
  title={Certified robustness to adversarial examples with differential privacy},
  author={Lecuyer, Mathias and Atlidakis, Vaggelis and Geambasu, Roxana and Hsu, Daniel and Jana, Suman},
  journal={IEEE S\&P},
  year={2019},
}

@article{dwork2010dpcontinual,
  title = {{Differential Privacy under Continual Observation}},
  author = {Dwork, Cynthia and Naor, Moni and Pitassi, Toniann and Rothblum, Guy
  N.},
  journal = {ACM STOC},
  year = {2010},
}

@article{dwork2010pan,
  title={{Pan-Private Streaming Algorithms}},
  author={Dwork, Cynthia and Naor, Moni and Pitassi, Toniann and Rothblum, Guy N
  and Yekhanin, Sergey},
  journal={Intl. Conf. on Supercomputing (ICS)},
  year={2010}
}

@article{dwork2014algorithmic,
  title={{The Algorithmic Foundations of Differential Privacy}},
  author={Dwork, Cynthia and Roth, Aaron and others},
  journal={Foundations and Trends{\textregistered} in Theoretical Computer
  Science},
  volume={9},
  number={3--4},
  pages={211--407},
  year={2014},
  publisher={Now Publishers, Inc.}
}

@article{wasserman2010statistical,
  title={{A Statistical Framework for Differential Privacy}},
  author={Wasserman, Larry and Zhou, Shuheng},
  journal={Journal of the American Statistical Association},
  volume={105},
  number={489},
  pages={375--389},
  year={2010},
}

@article{dong2022gaussian,
  title={Gaussian differential privacy},
  author={Dong, Jinshuo and Roth, Aaron and Su, Weijie J},
  journal={Journal of the Royal Statistical Society Series B: Statistical Methodology},
  year={2022},
}

@article{kasiviswanathan2014semantics,
  title={On the 'semantics' of differential privacy: A bayesian formulation},
  author={Kasiviswanathan, Shiva P and Smith, Adam},
  journal={Journal of Privacy and Confidentiality},
  year={2014}
}

@article{white2011phonotactic,
  title={{Phonotactic reconstruction of encrypted voip conversations: Hookt on
  fon-iks}},
  author={White, Andrew M and Matthews, Austin R and Snow, Kevin Z and Monrose,
  Fabian},
  journal={IEEE S\&P},
  year={2011},
}

@article{panchenko2016website,
  title={{Website Fingerprinting at Internet Scale}},
  author={Panchenko, Andriy and Lanze, Fabian and Pennekamp, Jan and Engel,
  Thomas and Zinnen, Andreas and Henze, Martin and Wehrle, Klaus},
  journal={NDSS},
  year={2016}
}


@article{shapira2019flowpic,
  title={{Flowpic: Encrypted internet traffic classification is as easy as image
  recognition}},
  author={Shapira, Tal and Shavitt, Yuval},
  journal={IEEE Conf. on Computer Communications Workshops},
  year={2019},
}

@article{duan2019lightbox,
  title = {{LightBox: Full-Stack Protected Stateful Middlebox at Lightning
  Speed}},
  author = {Duan, Huayi and Wang, Cong and Yuan, Xingliang and Zhou, Yajin and
  Wang, Qian and Ren, Kui},
  journal = {ACM CCS},
  year = {2019},
}

@article{meier2022ditto,
  title={{Ditto: WAN traffic obfuscation at line rate}},
  author={Meier, Roland and Lenders, Vincent and Vanbever, Laurent},
  journal={NDSS},
  year={2022}
}


@article{rosen2021balboa,
  title={Balboa: Bobbing and weaving around network censorship},
  author={Rosen, Marc B and Parker, James and Malozemoff, Alex J},
  journal={USENIX Security},
  year={2021}
}


@article{barradas2017deltashaper,
  title={DeltaShaper: Enabling Unobservable Censorship-resistant TCP Tunneling over Videoconferencing Streams.},
  author={Barradas, Diogo and Santos, Nuno and Rodrigues, Lu{\'\i}s ET},
  journal={PETS},
  year={2017}
}

@article{barradas2020poking,
  title={Poking a hole in the wall: Efficient censorship-resistant Internet communications by parasitizing on WebRTC},
  author={Barradas, Diogo and Santos, Nuno and Rodrigues, Lu{\'\i}s and Nunes, V{\'\i}tor},
  journal={ACM CCS},
  year={2020}
}

@article{backes2013anoa,
  title={AnoA: A framework for analyzing anonymous communication protocols},
  author={Backes, Michael and Kate, Aniket and Manoharan, Praveen and Meiser, Sebastian and Mohammadi, Esfandiar},
  journal={IEEE CSF},
  year={2013},
}

@article{kellaris2014differentially,
  title={{Differentially Private Event Sequences over Infinite Streams}},
  author={Kellaris, Georgios and Papadopoulos, Stavros and Xiao, Xiaokui and Papadias, Dimitris},
  journal={VLDB Endowment},
  volume={7},
  number={12},
  year={2014},
}

@article{li2018measuring,
  title = {{Measuring Information Leakage in Website Fingerprinting Attacks and
  Defenses}},
  author = {Li, Shuai and Guo, Huajun and Hopper, Nicholas},
  journal = {ACM CCS},
  year = {2018},
}

@article{abusnaina2020dfd,
  title={{DFD: Adversarial Learning-based Approach to Defend Against Website
  Fingerprinting}},
  author={Abusnaina, Ahmed and Jang, Rhongho and Khormali, Aminollah and Nyang,
  DaeHun and Mohaisen, David},
  journal={IEEE INFOCOMM},
  year={2020},
}


@article{hou2020wf,
  title={WF-GAN: Fighting back against website fingerprinting attack using adversarial learning},
  author={Hou, Chengshang and Gou, Gaopeng and Shi, Junzheng and Fu, Peipei and Xiong, Gang},
  journal={IEEE Symposium on Computers and Communications (ISCC)},
  year={2020},
}


@article{hoang2021domain,
  title={{Domain Name Encryption is Not Enough: Privacy Leakage via IP-based
  Website Fingerprinting}},
  author={Hoang, Nguyen Phong and Niaki, Arian Akhavan and Gill, Phillipa and
  Polychronakis, Michalis},
  journal={PETS},
  year={2021}
}

@article{shan2021real,
  title={A real-time defense against website fingerprinting attacks},
  author={Shan, Shawn and Bhagoji, Arjun Nitin and Zheng, Haitao and Zhao, Ben Y},
  journal={arXiv preprint arXiv:2102.04291},
  year={2021}
}

@article{wang2021intradomain,
  title = {{It’s Not Just the Site, It’s the Contents: Intra-Domain
  Fingerprinting Social Media Websites Through CDN Bursts}},
  author = {Wang, Kailong and Zhang, Junzhe and Bai, Guangdong and Ko, Ryan and
  Dong, Jin Song},
  journal = {The Web Conference (WWW)},
  year = {2021},
}

@article{gong2022surakav,
  title={{Surakav: Generating Realistic Traces for a Strong Website
  Fingerprinting Defense}},
  author={Gong, Jiajun and Zhang, Wuqi and Zhang, Charles and Wang, Tao},
  journal={IEEE S\&P},
  year={2022},
}

@article{nasr2021defeating,
  title={{Defeating DNN-Based Traffic Analysis Systems in Real-Time With Blind
  Adversarial Perturbations}},
  author={Nasr, Milad and Bahramali, Alireza and Houmansadr, Amir},
  journal={USENIX Security},
  year={2021}
}

@article{mathews2023sok,
  title={{SoK: A Critical Evaluation of Efficient Website Fingerprinting
  Defenses}},
  author={Mathews, Nate and Holland, James K and Oh, Se Eun and Rahman, Mohammad
  Saidur and Hopper, Nicholas and Wright, Matthew},
  journal={IEEE S\&P},
  year={2023},
}

